<record><leader>00000cas a22000007a 4500</leader><controlfield tag="001">17359019</controlfield><controlfield tag="008">880119d185619uuohuwr ne      0    0eng d</controlfield><datafield ind1=" " ind2=" " tag="010"><subfield code="a">sn 88077061 </subfield></datafield><datafield ind1=" " ind2=" " tag="040"><subfield code="a">ONP</subfield><subfield code="b">eng</subfield><subfield code="c">ONP</subfield><subfield code="d">OCLCQ</subfield></datafield><datafield ind1=" " ind2=" " tag="042"><subfield code="a">msc</subfield></datafield><datafield ind1="0" ind2=" " tag="130"><subfield code="a">West Liberty banner (West Liberty, Ohio : 1856)</subfield></datafield><datafield ind1="1" ind2="4" tag="245"><subfield code="a">The West Liberty banner.</subfield></datafield><datafield ind1=" " ind2=" " tag="260"><subfield code="a">West Liberty, Ohio :</subfield><subfield code="b">John W. Steel &amp; John R. Lemon</subfield></datafield><datafield ind1=" " ind2=" " tag="310"><subfield code="a">Weekly</subfield></datafield><datafield ind1="1" ind2=" " tag="362"><subfield code="a">Began with Sept. 30, 1856 issue?</subfield></datafield><datafield ind1=" " ind2=" " tag="588"><subfield code="a">Description based on: Vol. 1, no. 9 (Nov. 25, 1856).</subfield></datafield><datafield ind1=" " ind2=" " tag="752"><subfield code="a">United States</subfield><subfield code="b">Ohio</subfield><subfield code="c">Logan</subfield><subfield code="d">West Liberty.</subfield></datafield></record>